@article{dybjer-W-encodes-inductive,
    title = "Representing inductively defined sets by wellorderings in {M}artin-{L}öf's type theory",
    journal = "Theoretical Computer Science",
    volume = "176",
    number = "1",
    pages = "329 - 335",
    year = "1997",
    issn = "0304-3975",
    doi = "https://doi.org/10.1016/S0304-3975(96)00145-4",
    author = "Peter Dybjer",
    abstract = "We prove that every strictly positive endofunctor on the category of sets generated by Martin-Löf's extensional type theory has an initial algebra. This representation of inductively defined sets uses essentially the wellorderings introduced by Martin-Löf in “Constructive Mathematics and Computer Programming”."
}

@misc{mcbride_wtypes,
    title={W-types: good news and bad news},
    url={https://mazzo.li/epilogue/index.html%3Fp=324.html},
    journal={Epilogue for Epigram},
    author={McBride, Conor},
    year={2010},
    month={Mar},
}

@article{luo-wellordering,
    author = {Goguen, Healfdene and Luo, Zhaohui},
    year = {1992},
    pages = {},
    title = {Inductive Data Types: Well-ordering Types Revisited},
    journal = {Logical Environments},
    url={https://www.cs.rhul.ac.uk/home/zhaohui/WTYPES93.pdf},
}

@book{programming-in-MLTT,
    author = {Nordsrtöm, Bengt and Petersson, Kent and Smith, Jan},
    year = {1990},
    pages = {},
    title = {Programming in Martin-Löf's Type Theory},
    publisher = {Oxford University Press}
}

@Book{mltt,
    title = {Intuitionistic Type Theory},
    author = {Per Martin-L\"of},
    publisher = {Bibliopolis},
    year = {1984},
    note = {Notes by G. Sambin of a series of lectures given in Padua, 1980}
}

% convoy pattern
@incollection{cpdt-moredep,
    author = {},
    isbn = {9780262317870},
    title = "{More Dependent Types}",
    booktitle = "{Certified Programming with Dependent Types: A Pragmatic Introduction to the Coq Proof Assistant}",
    publisher = {The MIT Press},
    year = {2013},
    month = {12},
    doi = {10.7551/mitpress/9153.003.0011},
    url = {https://doi.org/10.7551/mitpress/9153.003.0011},
    eprint = {https://direct.mit.edu/book/chapter-pdf/268879/9780262317870\_cah.pdf},
}

